@article{benet2014ipfs,
  title={Ipfs-content addressed, versioned, p2p file system},
  author={Benet, Juan},
  journal={arXiv preprint arXiv:1407.3561},
  year={2014}
}


@misc{transactionvalidator,
	Author = {catalyst-network},
	Howpublished = {\url{https://github.com/catalyst-network/Catalyst.Framework/blob/f23089d75ce876008ae1400f8044f538e07a3100/src/Catalyst.Core.Lib/Validators/TransactionValidator.cs}},
	Title = {TransactionValidator.cs},
	Year = {07/11/2019}}	

@misc{KVM,
	Author = {catalyst-network},
	Howpublished = {\url{https://github.com/catalyst-network/Catalyst.Framework/tree/develop/src/Catalyst.Core.Modules.Kvm}},
	Title = {Catalyst.Core.Modules.Kvm},
	Year = {07/11/2019}}
	
@article{back2002hashcash,
  title={Hashcash-a denial of service counter-measure},
  author={Back, Adam and others},
  year={2002}
}

@misc{BytesExtentions,
	Author = {catalyst-network},
	Howpublished = {\url{https://github.com/catalyst-network/Catalyst.Framework/blob/b761153e5e30a65b843d470cf60175256bd43276/src/Catalyst.Core.Lib/Extensions/BytesExtensions.cs}},
	Title = {BytesExtensions.cs},
	Year = {07/11/2019}}

	
@misc{DFS,
	Author = {catalyst-network},
	Howpublished = {\url{https://github.com/catalyst-network/Catalyst.Framework/tree/develop/src/Catalyst.Core.Modules.Dfs}},
	Title = {Catalyst.Core.Modules.Dfs},
	Year = {07/11/2019}}
	
	
@misc{catalystresearch,
	Author = {Bernat, Pauline and Kearney, Joseph and Sage-Ling, Francesca},
	Howpublished = {\url{https://atlascitywebsitedocs.blob.core.windows.net/websitefiles/catalyst-consensus-paper.pdf}},
	Title = {Catalyst Network Research: a new Consensus Protocol},
	Year = {07/11/2019}}
	
@article{nakamoto2008bitcoin,
  title={Bitcoin: A peer-to-peer electronic cash system},
  author={Nakamoto, Satoshi and others},
  year={2008},
  publisher={Working Paper}
}